@inproceedings{learningcontour,
  title={Learning active contour models for medical image segmentation},
  author={Chen, Xu and Williams, Bryan M and Vallabhaneni, Srinivasa R and Czanner, Gabriela and Williams, Rachel and Zheng, Yalin},
  booktitle={Proceedings of the IEEE/CVF conference on computer vision and pattern recognition},
  pages={11632--11640},
  year={2019}
}

@inproceedings{unet,
  title={U-net: Convolutional networks for biomedical image segmentation},
  author={Ronneberger, Olaf and Fischer, Philipp and Brox, Thomas},
  booktitle={International Conference on Medical image computing and computer-assisted intervention},
  pages={234--241},
  year={2015},
  organization={Springer}
}

@inproceedings{findingclosed,
  title={Finding a closed boundary by growing minimal paths from a single point on 2d or 3d images},
  author={Benmansour, Fethallah and Bonneau, St{\'e}phane and Cohen, Laurent D},
  booktitle={2007 IEEE 11th International Conference on Computer Vision},
  pages={1--8},
  year={2007},
  organization={IEEE}
}

@article{brainseg,
  title={3D brain segmentation using dual-front active contours with optional user interaction},
  author={Li, Hua and Yezzi, Anthony and Cohen, Laurent D},
  journal={International Journal of Biomedical Imaging},
  volume={2006},
  year={2006},
  publisher={Hindawi}
}

@inproceedings{finsler,
  title={Finsler geodesics evolution model for region based active contours},
  author={Chen, Da and Mirebeau, Jean-Marie and Cohen, Laurent D},
  booktitle={Proc. BMVC},
  volume={2},
  number={4},
  pages={8},
  year={2016}
}

@article{globalmin,
  title={Global minimum for active contour models: A minimal path approach},
  author={Cohen, Laurent D and Kimmel, Ron},
  journal={International journal of computer vision},
  volume={24},
  number={1},
  pages={57--78},
  year={1997},
  publisher={Springer}
}